@misc{wiki:noi,
    author = "{Wikipedia contributors}",
    title = "Net operating income --- {Wikipedia}{,} The Free Encyclopedia",
    year = "2006",
    url = "https://en.wikipedia.org/w/index.php?title=Net_operating_income&oldid=62223431",
    note = "[Online; accessed 21-January-2020]"
  }
@misc{wiki:cash_on_cash,
    author = "{Wikipedia contributors}",
    title = "Cash on cash return --- {Wikipedia}{,} The Free Encyclopedia",
    year = "2017",
    url = "https://en.wikipedia.org/w/index.php?title=Cash_on_cash_return&oldid=789364181",
    note = "[Online; accessed 21-January-2020]"
  }

@misc{wiki:cap_rate,
    author = "{Wikipedia contributors}",
    title = "Capitalization rate --- {Wikipedia}{,} The Free Encyclopedia",
    year = "2019",
    url = "https://en.wikipedia.org/w/index.php?title=Capitalization_rate&oldid=932401692",
    note = "[Online; accessed 21-January-2020]"
  }
