
@misc{covid:prefusion,
     title = "Cryo-{EM} structure of the 2019-{nCoV} spike in the
prefusion conformation",
     author = "Daniel Wrapp et al.",
     year = "2021",
     howpublished = "\url{https://www.ncbi.nlm.nih.gov/pmc/articles/PMC7164637/pdf/367_1260.pdf}",
     note = "[Online; accessed 01-Feburary-2021]"
}    



@misc{covid:spike,
     title = "{TW}i{V} 714: The shape of spike with {J}ason {M}c{L}ellan",
     year = "2021",
     howpublished = "\url{https://www.microbe.tv/twiv/twiv-714}",
     note = "[Online; accessed 01-Feburary-2021]"
}    

                  


@misc{covid:cdc,
     title = "Emergence of SARS-CoV-2 B.1.1.7 Lineage —
United States, December 29, 2020–January 12, 2021",
     year = "2021",
     howpublished = "\url{https://www.cdc.gov/mmwr/volumes/70/wr/pdfs/mm7003e2-H.pdf}",
     note = "[Online; accessed 15-January-2021]"
}    

@misc{covid:voc,
    title = "Investigation of novel SARS-COV-2 variant (Variant of Concern 202012/01)",
    year = "2021",
    howpublished = "\url{https://assets.publishing.service.gov.uk/government/uploads/system/uploads/attachment_data/file/947048/Technical_Briefing_VOC_SH_NJL2_SH2.pdf}",
    note = "[Online; accessed 15-January-2021]"
  }


@misc{covid:nextstrain,
    title = "Nextstrain: Real-time tracking of pathogen evolution",
    year = "2021",
    howpublished = "\url{https://nextstrain.org}",
    note = "[Online; accessed 14-January-2021]"
  }


@misc{covid:lineages,
    title = "SARS-CoV-2 lineages",
    year = "2021",
    howpublished = "\url{https://cov-lineages.org}",
    note = "[Online; accessed 14-January-2021]"
  }

