


                  
@misc{baird2019,
  author        = "{Baird}",
  title         = "{2019 Tax Facts}",
  year          = "2014",
  howpublished  = "\url {https://content.rwbaird.com/RWB/Content/PDF/Help/2019-Tax-Facts.pdf}",
  note          = "[Online; accessed 08-May-2019]"
}


