%% This BibTeX bibliography file was created using BibDesk.
%% http://bibdesk.sourceforge.net/


%% Created for David Meyer at 2013-08-21 10:49:55 -0700 


%% Saved with string encoding Unicode (UTF-8) 



@webpage{dmm2013,
	Author = {David Meyer},
	Date-Added = {2013-08-21 17:46:34 +0000},
	Date-Modified = {2013-08-21 17:49:24 +0000},
	Month = {Septemeber},
	Title = {Macro Trends, Complexity, and Software Defined Networking, http://www.1-4-5.net/~dmm/talks/ausnog2013.pdf},
	Url = {http://www.1-4-5.net/~dmm/talks/ausnog2013.pdf},
	Year = {2013}}

@url{named-data,
	Author = {Named Data Networking},
	Date-Added = {2013-08-21 17:13:13 +0000},
	Date-Modified = {2013-08-21 17:16:26 +0000},
	Title = {http://named-data.net},
	Url = {http://named-data.net}}

@inproceedings{akhshabi2011,
	Author = {Saamer Akhshabi and Constantine Dovrolis},
	Booktitle = {SIGCOMM},
	Date-Added = {2013-08-19 19:35:26 +0000},
	Date-Modified = {2013-08-19 19:37:10 +0000},
	Journal = {S},
	Title = {The Evolution of Layered Protocol Stacks Leads to an Hourglass-Shaped Architecture},
	Year = {2011}}

@article{chalmers2006,
	Author = {David J. Chalmers},
	Date-Added = {2013-08-19 17:50:52 +0000},
	Date-Modified = {2013-08-19 17:52:01 +0000},
	Journal = {Australian National University},
	Title = {Strong and Weak Emergence},
	Year = {2006}}

@article{deering2001,
	Author = {Steve Deering},
	Date-Added = {2013-08-19 17:41:40 +0000},
	Date-Modified = {2013-08-19 19:03:09 +0000},
	Journal = {IETF},
	Keywords = {IETF 51},
	Title = {Watching the Waist of the Internet Hourglass},
	Year = {2001}}

@article{csete2002,
	Author = {Marie E. Csete and John C. Doyle},
	Date-Added = {2013-08-19 17:28:49 +0000},
	Date-Modified = {2013-08-19 17:30:12 +0000},
	Journal = {Science},
	Title = {Reverse Engineering of Biological Complexity},
	Volume = {295},
	Year = {2002}}

@misc{:qy,
	Citation_Abstract_Html_Url = {http://www.sciencemag.org/content/295/5560/1664.abstract},
	Citation_Article_Type = {review},
	Citation_Author = {John C. Doyle},
	Citation_Author_Institution = {2 Control and Dynamical Systems, Electrical Engineering, and Bioengineering, California Institute of Technology, Pasadena, CA 91125, USA.},
	Citation_Collection_Id = {CELL BIOL},
	Citation_Date = {03/01/2002},
	Citation_Doi = {10.1126/science.1069981},
	Citation_Firstpage = {1664},
	Citation_Fulltext_Html_Url = {http://www.sciencemag.org/content/295/5560/1664.full},
	Citation_Id = {295/5560/1664},
	Citation_Id_From_Sass_Path = {295/5560/1664},
	Citation_Issn = {1095-9203},
	Citation_Issue = {5560},
	Citation_Journal_Abbrev = {Science},
	Citation_Journal_Title = {Science},
	Citation_Lastpage = {1669},
	Citation_Mjid = {sci;295/5560/1664},
	Citation_Pdf_Url = {http://www.sciencemag.org/content/295/5560/1664.full.pdf},
	Citation_Pmid = {11872830},
	Citation_Public_Url = {http://www.sciencemag.org/content/295/5560/1664},
	Citation_Section = {Review},
	Citation_Taxonomy = {cell_biol},
	Citation_Title = {Reverse Engineering of Biological Complexity},
	Citation_Volume = {295},
	Date-Added = {2013-08-19 17:28:22 +0000},
	Date-Modified = {2013-08-19 17:28:22 +0000},
	Dc.Contributor = {John C. Doyle},
	Dc.Date = {2002-03-01},
	Dc.Format = {text/html},
	Dc.Identifier = {10.1126/science.1069981},
	Dc.Language = {en},
	Dc.Publisher = {American Association for the Advancement of Science},
	Dc.Title = {Reverse Engineering of Biological Complexity},
	Googlebot = {NOODP},
	Hw.Ad-Path = {/cgi/content/abstract/295/5560/1664},
	Robots = {noarchive}}

@article{bruggeman2006,
	Author = {Frank J. Bruggeman and Hans V. Westerhoff},
	Date-Added = {2013-08-19 17:01:47 +0000},
	Date-Modified = {2013-08-19 17:03:32 +0000},
	Journal = {TRENDS in Microbiology},
	Number = {1},
	Title = {The nature of systems biology},
	Volume = {15},
	Year = {2006}}

@article{Carlson:1999uq,
	Author = {J. Carlson"},
	Date-Added = {2013-03-07 20:26:06 +0000},
	Date-Modified = {2013-03-07 20:26:06 +0000},
	Doi = {10.1103/PhysRevE.60.1412},
	Journal = {Physical Review E},
	Number = {2},
	Pages = {1412--1427},
	Title = {Highly optimized tolerance:â€ƒA mechanism for power laws in designed systems},
	Volume = {60},
	Year = {1999},
	Bdsk-Url-1 = {http://dx.doi.org/10.1103/PhysRevE.60.1412}}

@inproceedings{KirschnerGerhart1998,
	Author = {Marc Kirschner and John Gerhart},
	Booktitle = {Proceedings of the National Academy of Sciences of the United States},
	Date-Added = {2013-03-07 20:13:49 +0000},
	Date-Modified = {2013-03-07 20:15:54 +0000},
	Month = {July},
	Number = {15},
	Pages = {8420--8427},
	Title = {Evolvablity},
	Volume = {95},
	Year = {1998}}

@inproceedings{DoyleCsete2011,
	Author = {John C. Doyle and Marie Csete},
	Booktitle = {Proceedings of the National Academy of Sciences of the United States},
	Date-Added = {2013-03-07 20:06:06 +0000},
	Date-Modified = {2013-03-07 20:11:14 +0000},
	Editor = {Donald W. Pfaff},
	Month = {Septemeber},
	Number = {Supplement 3},
	Pages = {15624-15630},
	Title = {Architecture, constraints, and behavior},
	Volume = {108},
	Year = {2011}}

@article{Northcutta1995,
	Author = {R. Glenn Northcutta and Jon H. Kaas},
	Date-Added = {2013-03-07 19:46:37 +0000},
	Date-Modified = {2013-03-07 19:48:49 +0000},
	Journal = {Trends in Neurosciences},
	Month = {Septemeber},
	Number = {9},
	Pages = {373-379},
	Title = {The emergence and evolution of mammalian neocortex The emergence and evolution of mammalian neocortex The emergence and evolution of mammalian neocortex The emergence and evolution of mammalian neocortex The emergence and evolution of mammalian neocortex},
	Volume = {18},
	Year = {1995}}

@periodical{Taleb2007,
	Author = {Nassim Nicholas Taleb},
	Date-Added = {2013-03-07 18:32:17 +0000},
	Date-Modified = {2013-03-07 18:37:27 +0000},
	Journal = {The American Statistician},
	Pages = {198-200},
	Title = {Black Swans and the Domains of Statistics},
	Volume = {61},
	Year = {2007}}

@inproceedings{Vidya20122,
	Author = {S.Vidya and R.Bhaskaran},
	Booktitle = {IJCSI International Journal of Computer Science Issues},
	Date-Added = {2013-03-06 23:16:27 +0000},
	Date-Modified = {2013-03-06 23:18:46 +0000},
	Month = {March},
	Number = {2},
	Title = {ARP Storm Detection and Prevention Measures},
	Volume = {8},
	Year = {2011}}

@misc{rfc5714,
	Author = {M. Shand and S. Bryant},
	Howpublished = {RFC 5714 (Informational)},
	Month = jan,
	Number = {5714},
	Organization = {Internet Engineering Task Force},
	Publisher = {IETF},
	Series = {Request for Comments},
	Title = {{IP Fast Reroute Framework}},
	Url = {http://www.ietf.org/rfc/rfc5714.txt},
	Year = 2010,
	Bdsk-Url-1 = {http://www.ietf.org/rfc/rfc5714.txt}}

@article{Floyd:1999:PUE:316739.316740,
	Acmid = {316740},
	Address = {Piscataway, NJ, USA},
	Author = {Floyd, Sally and Fall, Kevin},
	Date-Added = {2013-03-06 22:09:01 +0000},
	Date-Modified = {2013-03-06 22:09:01 +0000},
	Doi = {10.1109/90.793002},
	Issn = {1063-6692},
	Issue_Date = {Aug. 1999},
	Journal = {IEEE/ACM Trans. Netw.},
	Month = aug,
	Number = {4},
	Numpages = {15},
	Pages = {458--472},
	Publisher = {IEEE Press},
	Title = {Promoting the use of end-to-end congestion control in the Internet},
	Url = {http://dx.doi.org/10.1109/90.793002},
	Volume = {7},
	Year = {1999},
	Bdsk-Url-1 = {http://dx.doi.org/10.1109/90.793002}}

@inproceedings{Zhao:2001:ABM:505202.505207,
	Acmid = {505207},
	Address = {New York, NY, USA},
	Author = {Zhao, Xiaoliang and Pei, Dan and Wang, Lan and Massey, Dan and Mankin, Allison and Wu, S. Felix and Zhang, Lixia},
	Booktitle = {Proceedings of the 1st ACM SIGCOMM Workshop on Internet Measurement},
	Date-Added = {2013-03-06 22:05:30 +0000},
	Date-Modified = {2013-03-06 22:05:30 +0000},
	Doi = {10.1145/505202.505207},
	Isbn = {1-58113-435-5},
	Location = {San Francisco, California, USA},
	Numpages = {5},
	Pages = {31--35},
	Publisher = {ACM},
	Series = {IMW '01},
	Title = {An analysis of BGP multiple origin AS (MOAS) conflicts},
	Url = {http://doi.acm.org/10.1145/505202.505207},
	Year = {2001},
	Bdsk-Url-1 = {http://doi.acm.org/10.1145/505202.505207},
	Bdsk-Url-2 = {http://dx.doi.org/10.1145/505202.505207}}

@article{Csiszar:1966fk,
	Author = {I Csiszar},
	Date-Added = {2013-03-06 20:27:12 +0000},
	Date-Modified = {2013-03-06 20:27:12 +0000},
	Journal = {Studia Sci. Math. Hungar},
	Title = {A note on Jensen's inequality},
	Volume = {1},
	Year = {1966}}

@inproceedings{AldersonDoyle2010,
	Author = {Alderson, D. and J. Doyle},
	Booktitle = {IEEE Transactions on Systems, Man and Cybernetics, Part A: Systems and Human},
	Date-Added = {2013-03-06 00:15:08 +0000},
	Date-Modified = {2013-03-06 00:19:30 +0000},
	Pages = {839- 852},
	Title = {Contrasting Views of Complexity and Their Implications For Network-Centric Infrastructures},
	Volume = {40 Issue 4},
	Year = {2012}}

@inproceedings{Cassado2006,
	Author = {Martin Casado, Tal Garfinkel, Aditya Akella, Michael J. Freedman Dan Boneh, Nick McKeown, Scott Shenker},
	Booktitle = {15th USENIX Security Symposium},
	Date-Added = {2013-03-05 22:29:12 +0000},
	Date-Modified = {2013-03-05 22:31:23 +0000},
	Pages = {137--151},
	Title = {SANE: A Protection Architecture for Enterprise Networks},
	Year = {2006}}

@inproceedings{Voellmy:2012:PLH:2342441.2342451,
	Acmid = {2342451},
	Address = {New York, NY, USA},
	Author = {Voellmy, Andreas and Kim, Hyojoon and Feamster, Nick},
	Booktitle = {Proceedings of the first workshop on Hot topics in software defined networks},
	Date-Added = {2013-03-05 22:24:52 +0000},
	Date-Modified = {2013-03-05 22:24:52 +0000},
	Doi = {10.1145/2342441.2342451},
	Isbn = {978-1-4503-1477-0},
	Keywords = {functional reactive programming, haskell, network configuration, openflow, software-defined networking},
	Location = {Helsinki, Finland},
	Numpages = {6},
	Pages = {43--48},
	Publisher = {ACM},
	Series = {HotSDN '12},
	Title = {Procera: a language for high-level reactive network control},
	Url = {http://doi.acm.org/10.1145/2342441.2342451},
	Year = {2012},
	Bdsk-Url-1 = {http://doi.acm.org/10.1145/2342441.2342451},
	Bdsk-Url-2 = {http://dx.doi.org/10.1145/2342441.2342451}}

@proceedings{McKeown2009,
	Author = {Nick McKeown},
	Date-Added = {2013-03-05 21:55:41 +0000},
	Date-Modified = {2013-03-05 21:58:40 +0000},
	Month = {April},
	Organization = {Infocomm},
	Title = {Software-Defined Networking},
	Urldate = {http://klamath.stanford.edu/~nickm/talks/infocom_brazil_2009_v1-1.pdf},
	Year = {2009}}

@techreport{Scott1999,
	Author = {D. Scott},
	Date-Added = {2013-03-05 21:31:58 +0000},
	Date-Modified = {2013-03-05 21:37:36 +0000},
	Month = {March},
	Number = {TG-07-4033},
	Organization = {Gartner},
	Series = {Tactical Guidelines},
	Title = {Making Smart Investments to Reduce Unplanned Downtime},
	Volume = {Gartner Research Note},
	Year = {1999}}

@inproceedings{Yap:2010:TSN:1851276.1851288,
	Acmid = {1851288},
	Address = {New York, NY, USA},
	Author = {Yap, Kok-Kiong and Huang, Te-Yuan and Dodson, Ben and Lam, Monica S. and McKeown, Nick},
	Booktitle = {Proceedings of the first ACM asia-pacific workshop on Workshop on systems},
	Date-Added = {2013-03-05 19:34:13 +0000},
	Date-Modified = {2013-03-05 19:34:13 +0000},
	Doi = {10.1145/1851276.1851288},
	Isbn = {978-1-4503-0195-4},
	Keywords = {network os, network services, openflow, software-defined networks},
	Location = {New Delhi, India},
	Numpages = {6},
	Pages = {49--54},
	Publisher = {ACM},
	Series = {APSys '10},
	Title = {Towards software-friendly networks},
	Url = {http://doi.acm.org/10.1145/1851276.1851288},
	Year = {2010},
	Bdsk-Url-1 = {http://doi.acm.org/10.1145/1851276.1851288},
	Bdsk-Url-2 = {http://dx.doi.org/10.1145/1851276.1851288}}

@comment{BibDesk Static Groups{
<?xml version="1.0" encoding="UTF-8"?>
<!DOCTYPE plist PUBLIC "-//Apple//DTD PLIST 1.0//EN" "http://www.apple.com/DTDs/PropertyList-1.0.dtd">
<plist version="1.0">
<array>
	<dict>
		<key>group name</key>
		<string>Group</string>
		<key>keys</key>
		<string></string>
	</dict>
</array>
</plist>
}}
