%% This BibTeX bibliography file was created using BibDesk.
%% http://bibdesk.sourceforge.net/


%% Created for David Meyer at 2017-04-19 08:26:04 -0700 


%% Saved with string encoding Unicode (UTF-8) 



@misc{Rosenblatt1958,
	Author = {Rosenblatt, F.},
	Citation_Abstract_Html_Url = {http://psycnet.apa.org/journals/rev/65/6/386},
	Citation_Authors = {Rosenblatt, F.},
	Citation_Date = {Nov   1958},
	Citation_Doi = {10.1037/h0042519},
	Citation_Firstpage = {386},
	Citation_Fulltext_Html_Url = {http://psycnet.apa.org/journals/rev/65/6/386.html},
	Citation_Issn = {0033-295X (Print)},
	Citation_Issue = {6},
	Citation_Journal_Title = {Psychological Review},
	Citation_Keywords = {probabilistic model; information storage; brain},
	Citation_Language = {English},
	Citation_Pdf_Url = {http://psycnet.apa.org/journals/rev/65/6/386.pdf},
	Citation_Publisher = {American Psychological Association},
	Citation_Reference = {von Neumann, J. (1951). The general and logical theory of automata. In L. A. Jeffress (Ed.), Cerebral mechanisms in behavior; the Hixon Symposium (pp. 1-41). Oxford, England: Wiley.},
	Citation_Title = {The perceptron: A probabilistic model for information storage and organization in the brain.},
	Citation_Volume = {65},
	Date-Added = {2017-04-19 15:23:35 +0000},
	Date-Modified = {2017-04-19 15:24:41 +0000},
	Month = {Nov},
	Robots = {noindex,nofollow},
	Title = {http://psycnet.apa.org/psycinfo/1959-09865-001},
	Year = {1958}}
